%YAML 1.1
%TAG !u! tag:unity3d.com,2011:
--- !u!1 &8389479257867523006
GameObject:
  m_ObjectHideFlags: 0
  m_CorrespondingSourceObject: {fileID: 0}
  m_PrefabInstance: {fileID: 0}
  m_PrefabAsset: {fileID: 0}
  serializedVersion: 6
  m_Component:
  - component: {fileID: 8389479257867523005}
  m_Layer: 5
  m_Name: '[INTERFACE]'
  m_TagString: Untagged
  m_Icon: {fileID: 0}
  m_NavMeshLayer: 0
  m_StaticEditorFlags: 0
  m_IsActive: 1
--- !u!4 &8389479257867523005
Transform:
  m_ObjectHideFlags: 0
  m_CorrespondingSourceObject: {fileID: 0}
  m_PrefabInstance: {fileID: 0}
  m_PrefabAsset: {fileID: 0}
  m_GameObject: {fileID: 8389479257867523006}
  m_LocalRotation: {x: 0, y: 0, z: 0, w: 1}
  m_LocalPosition: {x: 0, y: 0, z: 30}
  m_LocalScale: {x: 1, y: 1, z: 1}
  m_Children:
  - {fileID: 8389479258560131518}
  - {fileID: 8389479258798265544}
  - {fileID: 8389479258265978420}
  m_Father: {fileID: 0}
  m_RootOrder: 0
  m_LocalEulerAnglesHint: {x: 0, y: 0, z: 0}
--- !u!1 &8389479258265978421
GameObject:
  m_ObjectHideFlags: 0
  m_CorrespondingSourceObject: {fileID: 0}
  m_PrefabInstance: {fileID: 0}
  m_PrefabAsset: {fileID: 0}
  serializedVersion: 6
  m_Component:
  - component: {fileID: 8389479258265978420}
  - component: {fileID: 8389479258265978418}
  - component: {fileID: 8389479258265978419}
  m_Layer: 5
  m_Name: EventSystem
  m_TagString: Untagged
  m_Icon: {fileID: 0}
  m_NavMeshLayer: 0
  m_StaticEditorFlags: 0
  m_IsActive: 1
--- !u!4 &8389479258265978420
Transform:
  m_ObjectHideFlags: 0
  m_CorrespondingSourceObject: {fileID: 0}
  m_PrefabInstance: {fileID: 0}
  m_PrefabAsset: {fileID: 0}
  m_GameObject: {fileID: 8389479258265978421}
  m_LocalRotation: {x: -0, y: -0, z: -0, w: 1}
  m_LocalPosition: {x: 20.130684, y: -0.81067276, z: -0.24319458}
  m_LocalScale: {x: 1, y: 1, z: 1}
  m_Children: []
  m_Father: {fileID: 8389479257867523005}
  m_RootOrder: 2
  m_LocalEulerAnglesHint: {x: 0, y: 0, z: 0}
--- !u!114 &8389479258265978418
MonoBehaviour:
  m_ObjectHideFlags: 0
  m_CorrespondingSourceObject: {fileID: 0}
  m_PrefabInstance: {fileID: 0}
  m_PrefabAsset: {fileID: 0}
  m_GameObject: {fileID: 8389479258265978421}
  m_Enabled: 1
  m_EditorHideFlags: 0
  m_Script: {fileID: 11500000, guid: 76c392e42b5098c458856cdf6ecaaaa1, type: 3}
  m_Name: 
  m_EditorClassIdentifier: 
  m_FirstSelected: {fileID: 0}
  m_sendNavigationEvents: 1
  m_DragThreshold: 10
--- !u!114 &8389479258265978419
MonoBehaviour:
  m_ObjectHideFlags: 0
  m_CorrespondingSourceObject: {fileID: 0}
  m_PrefabInstance: {fileID: 0}
  m_PrefabAsset: {fileID: 0}
  m_GameObject: {fileID: 8389479258265978421}
  m_Enabled: 1
  m_EditorHideFlags: 0
  m_Script: {fileID: 11500000, guid: 4f231c4fb786f3946a6b90b886c48677, type: 3}
  m_Name: 
  m_EditorClassIdentifier: 
  m_HorizontalAxis: Horizontal
  m_VerticalAxis: Vertical
  m_SubmitButton: Submit
  m_CancelButton: Cancel
  m_InputActionsPerSecond: 10
  m_RepeatDelay: 0.5
  m_ForceModuleActive: 0
--- !u!1 &8389479258560131519
GameObject:
  m_ObjectHideFlags: 0
  m_CorrespondingSourceObject: {fileID: 0}
  m_PrefabInstance: {fileID: 0}
  m_PrefabAsset: {fileID: 0}
  serializedVersion: 6
  m_Component:
  - component: {fileID: 8389479258560131518}
  - component: {fileID: 8389479258560131516}
  m_Layer: 5
  m_Name: UICamera
  m_TagString: Untagged
  m_Icon: {fileID: 0}
  m_NavMeshLayer: 0
  m_StaticEditorFlags: 0
  m_IsActive: 1
--- !u!4 &8389479258560131518
Transform:
  m_ObjectHideFlags: 0
  m_CorrespondingSourceObject: {fileID: 0}
  m_PrefabInstance: {fileID: 0}
  m_PrefabAsset: {fileID: 0}
  m_GameObject: {fileID: 8389479258560131519}
  m_LocalRotation: {x: 0, y: 0, z: 0, w: 1}
  m_LocalPosition: {x: 0, y: 0, z: 0}
  m_LocalScale: {x: 1, y: 1, z: 1}
  m_Children: []
  m_Father: {fileID: 8389479257867523005}
  m_RootOrder: 0
  m_LocalEulerAnglesHint: {x: 0, y: 0, z: 0}
--- !u!20 &8389479258560131516
Camera:
  m_ObjectHideFlags: 0
  m_CorrespondingSourceObject: {fileID: 0}
  m_PrefabInstance: {fileID: 0}
  m_PrefabAsset: {fileID: 0}
  m_GameObject: {fileID: 8389479258560131519}
  m_Enabled: 1
  serializedVersion: 2
  m_ClearFlags: 4
  m_BackGroundColor: {r: 0.19215687, g: 0.3019608, b: 0.4745098, a: 0}
  m_projectionMatrixMode: 1
  m_GateFitMode: 2
  m_FOVAxisMode: 0
  m_SensorSize: {x: 36, y: 24}
  m_LensShift: {x: 0, y: 0}
  m_FocalLength: 50
  m_NormalizedViewPortRect:
    serializedVersion: 2
    x: 0
    y: 0
    width: 1
    height: 1
  near clip plane: 0.3
  far clip plane: 1000
  field of view: 60
  orthographic: 1
  orthographic size: 5
  m_Depth: 0
  m_CullingMask:
    serializedVersion: 2
    m_Bits: 32
  m_RenderingPath: -1
  m_TargetTexture: {fileID: 0}
  m_TargetDisplay: 0
  m_TargetEye: 3
  m_HDR: 1
  m_AllowMSAA: 1
  m_AllowDynamicResolution: 0
  m_ForceIntoRT: 0
  m_OcclusionCulling: 1
  m_StereoConvergence: 10
  m_StereoSeparation: 0.022
--- !u!1 &8389479258798265545
GameObject:
  m_ObjectHideFlags: 0
  m_CorrespondingSourceObject: {fileID: 0}
  m_PrefabInstance: {fileID: 0}
  m_PrefabAsset: {fileID: 0}
  serializedVersion: 6
  m_Component:
  - component: {fileID: 8389479258798265544}
  - component: {fileID: 8389479258798265525}
  - component: {fileID: 8389479258798265526}
  - component: {fileID: 8389479258798265527}
  m_Layer: 5
  m_Name: UICanvas
  m_TagString: Untagged
  m_Icon: {fileID: 0}
  m_NavMeshLayer: 0
  m_StaticEditorFlags: 0
  m_IsActive: 1
--- !u!224 &8389479258798265544
RectTransform:
  m_ObjectHideFlags: 0
  m_CorrespondingSourceObject: {fileID: 0}
  m_PrefabInstance: {fileID: 0}
  m_PrefabAsset: {fileID: 0}
  m_GameObject: {fileID: 8389479258798265545}
  m_LocalRotation: {x: 0, y: 0, z: 0, w: 1}
  m_LocalPosition: {x: 0, y: 0, z: 0}
  m_LocalScale: {x: 0, y: 0, z: 0}
  m_Children:
  - {fileID: 8389479258123612297}
  - {fileID: 2501628347848886106}
  - {fileID: 8389479257924184840}
  - {fileID: 8389479258650847490}
  - {fileID: 8389479259597137936}
  m_Father: {fileID: 8389479257867523005}
  m_RootOrder: 1
  m_LocalEulerAnglesHint: {x: 0, y: 0, z: 0}
  m_AnchorMin: {x: 0, y: 0}
  m_AnchorMax: {x: 0, y: 0}
  m_AnchoredPosition: {x: 0, y: 0}
  m_SizeDelta: {x: 0, y: 0}
  m_Pivot: {x: 0, y: 0}
--- !u!223 &8389479258798265525
Canvas:
  m_ObjectHideFlags: 0
  m_CorrespondingSourceObject: {fileID: 0}
  m_PrefabInstance: {fileID: 0}
  m_PrefabAsset: {fileID: 0}
  m_GameObject: {fileID: 8389479258798265545}
  m_Enabled: 1
  serializedVersion: 3
  m_RenderMode: 1
  m_Camera: {fileID: 8389479258560131516}
  m_PlaneDistance: 100
  m_PixelPerfect: 0
  m_ReceivesEvents: 1
  m_OverrideSorting: 0
  m_OverridePixelPerfect: 0
  m_SortingBucketNormalizedSize: 0
  m_AdditionalShaderChannelsFlag: 0
  m_SortingLayerID: 0
  m_SortingOrder: 0
  m_TargetDisplay: 0
--- !u!114 &8389479258798265526
MonoBehaviour:
  m_ObjectHideFlags: 0
  m_CorrespondingSourceObject: {fileID: 0}
  m_PrefabInstance: {fileID: 0}
  m_PrefabAsset: {fileID: 0}
  m_GameObject: {fileID: 8389479258798265545}
  m_Enabled: 1
  m_EditorHideFlags: 0
  m_Script: {fileID: 11500000, guid: 0cd44c1031e13a943bb63640046fad76, type: 3}
  m_Name: 
  m_EditorClassIdentifier: 
  m_UiScaleMode: 1
  m_ReferencePixelsPerUnit: 100
  m_ScaleFactor: 1
  m_ReferenceResolution: {x: 1920, y: 1080}
  m_ScreenMatchMode: 0
  m_MatchWidthOrHeight: 0
  m_PhysicalUnit: 3
  m_FallbackScreenDPI: 96
  m_DefaultSpriteDPI: 96
  m_DynamicPixelsPerUnit: 1
--- !u!114 &8389479258798265527
MonoBehaviour:
  m_ObjectHideFlags: 0
  m_CorrespondingSourceObject: {fileID: 0}
  m_PrefabInstance: {fileID: 0}
  m_PrefabAsset: {fileID: 0}
  m_GameObject: {fileID: 8389479258798265545}
  m_Enabled: 1
  m_EditorHideFlags: 0
  m_Script: {fileID: 11500000, guid: dc42784cf147c0c48a680349fa168899, type: 3}
  m_Name: 
  m_EditorClassIdentifier: 
  m_IgnoreReversedGraphics: 1
  m_BlockingObjects: 0
  m_BlockingMask:
    serializedVersion: 2
    m_Bits: 4294967295
--- !u!1001 &6501070063420174604
PrefabInstance:
  m_ObjectHideFlags: 0
  serializedVersion: 2
  m_Modification:
    m_TransformParent: {fileID: 8389479258798265544}
    m_Modifications:
    - target: {fileID: 3338603461504844165, guid: f79beb965d616db418ff116cea74297c, type: 3}
      propertyPath: m_Pivot.x
      value: 0.5
      objectReference: {fileID: 0}
    - target: {fileID: 3338603461504844165, guid: f79beb965d616db418ff116cea74297c, type: 3}
      propertyPath: m_Pivot.y
      value: 0.5
      objectReference: {fileID: 0}
    - target: {fileID: 3338603461504844165, guid: f79beb965d616db418ff116cea74297c, type: 3}
      propertyPath: m_RootOrder
      value: 0
      objectReference: {fileID: 0}
    - target: {fileID: 3338603461504844165, guid: f79beb965d616db418ff116cea74297c, type: 3}
      propertyPath: m_AnchorMax.x
      value: 1
      objectReference: {fileID: 0}
    - target: {fileID: 3338603461504844165, guid: f79beb965d616db418ff116cea74297c, type: 3}
      propertyPath: m_AnchorMax.y
      value: 1
      objectReference: {fileID: 0}
    - target: {fileID: 3338603461504844165, guid: f79beb965d616db418ff116cea74297c, type: 3}
      propertyPath: m_AnchorMin.x
      value: 0
      objectReference: {fileID: 0}
    - target: {fileID: 3338603461504844165, guid: f79beb965d616db418ff116cea74297c, type: 3}
      propertyPath: m_AnchorMin.y
      value: 0
      objectReference: {fileID: 0}
    - target: {fileID: 3338603461504844165, guid: f79beb965d616db418ff116cea74297c, type: 3}
      propertyPath: m_SizeDelta.x
      value: 0
      objectReference: {fileID: 0}
    - target: {fileID: 3338603461504844165, guid: f79beb965d616db418ff116cea74297c, type: 3}
      propertyPath: m_SizeDelta.y
      value: 0
      objectReference: {fileID: 0}
    - target: {fileID: 3338603461504844165, guid: f79beb965d616db418ff116cea74297c, type: 3}
      propertyPath: m_LocalPosition.x
      value: 0
      objectReference: {fileID: 0}
    - target: {fileID: 3338603461504844165, guid: f79beb965d616db418ff116cea74297c, type: 3}
      propertyPath: m_LocalPosition.y
      value: 0
      objectReference: {fileID: 0}
    - target: {fileID: 3338603461504844165, guid: f79beb965d616db418ff116cea74297c, type: 3}
      propertyPath: m_LocalPosition.z
      value: 0
      objectReference: {fileID: 0}
    - target: {fileID: 3338603461504844165, guid: f79beb965d616db418ff116cea74297c, type: 3}
      propertyPath: m_LocalRotation.w
      value: 1
      objectReference: {fileID: 0}
    - target: {fileID: 3338603461504844165, guid: f79beb965d616db418ff116cea74297c, type: 3}
      propertyPath: m_LocalRotation.x
      value: 0
      objectReference: {fileID: 0}
    - target: {fileID: 3338603461504844165, guid: f79beb965d616db418ff116cea74297c, type: 3}
      propertyPath: m_LocalRotation.y
      value: 0
      objectReference: {fileID: 0}
    - target: {fileID: 3338603461504844165, guid: f79beb965d616db418ff116cea74297c, type: 3}
      propertyPath: m_LocalRotation.z
      value: 0
      objectReference: {fileID: 0}
    - target: {fileID: 3338603461504844165, guid: f79beb965d616db418ff116cea74297c, type: 3}
      propertyPath: m_AnchoredPosition.x
      value: 0
      objectReference: {fileID: 0}
    - target: {fileID: 3338603461504844165, guid: f79beb965d616db418ff116cea74297c, type: 3}
      propertyPath: m_AnchoredPosition.y
      value: 0
      objectReference: {fileID: 0}
    - target: {fileID: 3338603461504844165, guid: f79beb965d616db418ff116cea74297c, type: 3}
      propertyPath: m_LocalEulerAnglesHint.x
      value: 0
      objectReference: {fileID: 0}
    - target: {fileID: 3338603461504844165, guid: f79beb965d616db418ff116cea74297c, type: 3}
      propertyPath: m_LocalEulerAnglesHint.y
      value: 0
      objectReference: {fileID: 0}
    - target: {fileID: 3338603461504844165, guid: f79beb965d616db418ff116cea74297c, type: 3}
      propertyPath: m_LocalEulerAnglesHint.z
      value: 0
      objectReference: {fileID: 0}
    - target: {fileID: 3338603461504844166, guid: f79beb965d616db418ff116cea74297c, type: 3}
      propertyPath: m_Name
      value: UILayerGame
      objectReference: {fileID: 0}
    m_RemovedComponents: []
  m_SourcePrefab: {fileID: 100100000, guid: f79beb965d616db418ff116cea74297c, type: 3}
--- !u!224 &8389479258123612297 stripped
RectTransform:
  m_CorrespondingSourceObject: {fileID: 3338603461504844165, guid: f79beb965d616db418ff116cea74297c, type: 3}
  m_PrefabInstance: {fileID: 6501070063420174604}
  m_PrefabAsset: {fileID: 0}
--- !u!1001 &6587905602812480717
PrefabInstance:
  m_ObjectHideFlags: 0
  serializedVersion: 2
  m_Modification:
    m_TransformParent: {fileID: 8389479258798265544}
    m_Modifications:
    - target: {fileID: 3387159721932707989, guid: 279001fc374aad94ebe7924af6d8b43b, type: 3}
      propertyPath: m_OnClick.m_PersistentCalls.m_Calls.Array.size
      value: 1
      objectReference: {fileID: 0}
    - target: {fileID: 3387159721932707989, guid: 279001fc374aad94ebe7924af6d8b43b, type: 3}
      propertyPath: m_OnClick.m_PersistentCalls.m_Calls.Array.data[0].m_Mode
      value: 1
      objectReference: {fileID: 0}
    - target: {fileID: 3387159721932707989, guid: 279001fc374aad94ebe7924af6d8b43b, type: 3}
      propertyPath: m_OnClick.m_PersistentCalls.m_Calls.Array.data[0].m_Target
      value: 
      objectReference: {fileID: 8606455730985768051}
    - target: {fileID: 3387159721932707989, guid: 279001fc374aad94ebe7924af6d8b43b, type: 3}
      propertyPath: m_OnClick.m_PersistentCalls.m_Calls.Array.data[0].m_CallState
      value: 2
      objectReference: {fileID: 0}
    - target: {fileID: 3387159721932707989, guid: 279001fc374aad94ebe7924af6d8b43b, type: 3}
      propertyPath: m_OnClick.m_PersistentCalls.m_Calls.Array.data[0].m_MethodName
      value: UIMenuButtonClick
      objectReference: {fileID: 0}
    - target: {fileID: 3387159721932707989, guid: 279001fc374aad94ebe7924af6d8b43b, type: 3}
      propertyPath: m_OnClick.m_PersistentCalls.m_Calls.Array.data[0].m_TargetAssemblyTypeName
      value: UIController, Assembly-CSharp
      objectReference: {fileID: 0}
    - target: {fileID: 3387159721932707989, guid: 279001fc374aad94ebe7924af6d8b43b, type: 3}
      propertyPath: m_OnClick.m_PersistentCalls.m_Calls.Array.data[0].m_Arguments.m_ObjectArgumentAssemblyTypeName
      value: UnityEngine.Object, UnityEngine
      objectReference: {fileID: 0}
    - target: {fileID: 3387159722006865116, guid: 279001fc374aad94ebe7924af6d8b43b, type: 3}
      propertyPath: m_Name
      value: UIMenuButton
      objectReference: {fileID: 0}
    - target: {fileID: 3387159722006865117, guid: 279001fc374aad94ebe7924af6d8b43b, type: 3}
      propertyPath: m_Pivot.x
      value: 0.5
      objectReference: {fileID: 0}
    - target: {fileID: 3387159722006865117, guid: 279001fc374aad94ebe7924af6d8b43b, type: 3}
      propertyPath: m_Pivot.y
      value: 0.5
      objectReference: {fileID: 0}
    - target: {fileID: 3387159722006865117, guid: 279001fc374aad94ebe7924af6d8b43b, type: 3}
      propertyPath: m_RootOrder
      value: 4
      objectReference: {fileID: 0}
    - target: {fileID: 3387159722006865117, guid: 279001fc374aad94ebe7924af6d8b43b, type: 3}
      propertyPath: m_AnchorMax.x
      value: 1
      objectReference: {fileID: 0}
    - target: {fileID: 3387159722006865117, guid: 279001fc374aad94ebe7924af6d8b43b, type: 3}
      propertyPath: m_AnchorMax.y
      value: 0
      objectReference: {fileID: 0}
    - target: {fileID: 3387159722006865117, guid: 279001fc374aad94ebe7924af6d8b43b, type: 3}
      propertyPath: m_AnchorMin.x
      value: 1
      objectReference: {fileID: 0}
    - target: {fileID: 3387159722006865117, guid: 279001fc374aad94ebe7924af6d8b43b, type: 3}
      propertyPath: m_AnchorMin.y
      value: 0
      objectReference: {fileID: 0}
    - target: {fileID: 3387159722006865117, guid: 279001fc374aad94ebe7924af6d8b43b, type: 3}
      propertyPath: m_SizeDelta.x
      value: 500
      objectReference: {fileID: 0}
    - target: {fileID: 3387159722006865117, guid: 279001fc374aad94ebe7924af6d8b43b, type: 3}
      propertyPath: m_SizeDelta.y
      value: 100
      objectReference: {fileID: 0}
    - target: {fileID: 3387159722006865117, guid: 279001fc374aad94ebe7924af6d8b43b, type: 3}
      propertyPath: m_LocalPosition.x
      value: 0
      objectReference: {fileID: 0}
    - target: {fileID: 3387159722006865117, guid: 279001fc374aad94ebe7924af6d8b43b, type: 3}
      propertyPath: m_LocalPosition.y
      value: 0
      objectReference: {fileID: 0}
    - target: {fileID: 3387159722006865117, guid: 279001fc374aad94ebe7924af6d8b43b, type: 3}
      propertyPath: m_LocalPosition.z
      value: 0
      objectReference: {fileID: 0}
    - target: {fileID: 3387159722006865117, guid: 279001fc374aad94ebe7924af6d8b43b, type: 3}
      propertyPath: m_LocalRotation.w
      value: 1
      objectReference: {fileID: 0}
    - target: {fileID: 3387159722006865117, guid: 279001fc374aad94ebe7924af6d8b43b, type: 3}
      propertyPath: m_LocalRotation.x
      value: -0
      objectReference: {fileID: 0}
    - target: {fileID: 3387159722006865117, guid: 279001fc374aad94ebe7924af6d8b43b, type: 3}
      propertyPath: m_LocalRotation.y
      value: -0
      objectReference: {fileID: 0}
    - target: {fileID: 3387159722006865117, guid: 279001fc374aad94ebe7924af6d8b43b, type: 3}
      propertyPath: m_LocalRotation.z
      value: -0
      objectReference: {fileID: 0}
    - target: {fileID: 3387159722006865117, guid: 279001fc374aad94ebe7924af6d8b43b, type: 3}
      propertyPath: m_AnchoredPosition.x
      value: -290
      objectReference: {fileID: 0}
    - target: {fileID: 3387159722006865117, guid: 279001fc374aad94ebe7924af6d8b43b, type: 3}
      propertyPath: m_AnchoredPosition.y
      value: 80
      objectReference: {fileID: 0}
    - target: {fileID: 3387159722006865117, guid: 279001fc374aad94ebe7924af6d8b43b, type: 3}
      propertyPath: m_LocalEulerAnglesHint.x
      value: 0
      objectReference: {fileID: 0}
    - target: {fileID: 3387159722006865117, guid: 279001fc374aad94ebe7924af6d8b43b, type: 3}
      propertyPath: m_LocalEulerAnglesHint.y
      value: 0
      objectReference: {fileID: 0}
    - target: {fileID: 3387159722006865117, guid: 279001fc374aad94ebe7924af6d8b43b, type: 3}
      propertyPath: m_LocalEulerAnglesHint.z
      value: 0
      objectReference: {fileID: 0}
    m_RemovedComponents: []
  m_SourcePrefab: {fileID: 100100000, guid: 279001fc374aad94ebe7924af6d8b43b, type: 3}
--- !u!224 &8389479259597137936 stripped
RectTransform:
  m_CorrespondingSourceObject: {fileID: 3387159722006865117, guid: 279001fc374aad94ebe7924af6d8b43b, type: 3}
  m_PrefabInstance: {fileID: 6587905602812480717}
  m_PrefabAsset: {fileID: 0}
--- !u!1001 &7236163421121046708
PrefabInstance:
  m_ObjectHideFlags: 0
  serializedVersion: 2
  m_Modification:
    m_TransformParent: {fileID: 8389479258798265544}
    m_Modifications:
    - target: {fileID: 1153324636269462460, guid: 6de3e110028f3a443902ddb940061b5e, type: 3}
      propertyPath: m_Pivot.x
      value: 0.5
      objectReference: {fileID: 0}
    - target: {fileID: 1153324636269462460, guid: 6de3e110028f3a443902ddb940061b5e, type: 3}
      propertyPath: m_Pivot.y
      value: 0.5
      objectReference: {fileID: 0}
    - target: {fileID: 1153324636269462460, guid: 6de3e110028f3a443902ddb940061b5e, type: 3}
      propertyPath: m_RootOrder
      value: 2
      objectReference: {fileID: 0}
    - target: {fileID: 1153324636269462460, guid: 6de3e110028f3a443902ddb940061b5e, type: 3}
      propertyPath: m_AnchorMax.x
      value: 1
      objectReference: {fileID: 0}
    - target: {fileID: 1153324636269462460, guid: 6de3e110028f3a443902ddb940061b5e, type: 3}
      propertyPath: m_AnchorMax.y
      value: 1
      objectReference: {fileID: 0}
    - target: {fileID: 1153324636269462460, guid: 6de3e110028f3a443902ddb940061b5e, type: 3}
      propertyPath: m_AnchorMin.x
      value: 0
      objectReference: {fileID: 0}
    - target: {fileID: 1153324636269462460, guid: 6de3e110028f3a443902ddb940061b5e, type: 3}
      propertyPath: m_AnchorMin.y
      value: 0
      objectReference: {fileID: 0}
    - target: {fileID: 1153324636269462460, guid: 6de3e110028f3a443902ddb940061b5e, type: 3}
      propertyPath: m_SizeDelta.x
      value: 0
      objectReference: {fileID: 0}
    - target: {fileID: 1153324636269462460, guid: 6de3e110028f3a443902ddb940061b5e, type: 3}
      propertyPath: m_SizeDelta.y
      value: 0
      objectReference: {fileID: 0}
    - target: {fileID: 1153324636269462460, guid: 6de3e110028f3a443902ddb940061b5e, type: 3}
      propertyPath: m_LocalPosition.x
      value: 0
      objectReference: {fileID: 0}
    - target: {fileID: 1153324636269462460, guid: 6de3e110028f3a443902ddb940061b5e, type: 3}
      propertyPath: m_LocalPosition.y
      value: 0
      objectReference: {fileID: 0}
    - target: {fileID: 1153324636269462460, guid: 6de3e110028f3a443902ddb940061b5e, type: 3}
      propertyPath: m_LocalPosition.z
      value: 0
      objectReference: {fileID: 0}
    - target: {fileID: 1153324636269462460, guid: 6de3e110028f3a443902ddb940061b5e, type: 3}
      propertyPath: m_LocalRotation.w
      value: 1
      objectReference: {fileID: 0}
    - target: {fileID: 1153324636269462460, guid: 6de3e110028f3a443902ddb940061b5e, type: 3}
      propertyPath: m_LocalRotation.x
      value: 0
      objectReference: {fileID: 0}
    - target: {fileID: 1153324636269462460, guid: 6de3e110028f3a443902ddb940061b5e, type: 3}
      propertyPath: m_LocalRotation.y
      value: 0
      objectReference: {fileID: 0}
    - target: {fileID: 1153324636269462460, guid: 6de3e110028f3a443902ddb940061b5e, type: 3}
      propertyPath: m_LocalRotation.z
      value: 0
      objectReference: {fileID: 0}
    - target: {fileID: 1153324636269462460, guid: 6de3e110028f3a443902ddb940061b5e, type: 3}
      propertyPath: m_AnchoredPosition.x
      value: 0
      objectReference: {fileID: 0}
    - target: {fileID: 1153324636269462460, guid: 6de3e110028f3a443902ddb940061b5e, type: 3}
      propertyPath: m_AnchoredPosition.y
      value: 0
      objectReference: {fileID: 0}
    - target: {fileID: 1153324636269462460, guid: 6de3e110028f3a443902ddb940061b5e, type: 3}
      propertyPath: m_LocalEulerAnglesHint.x
      value: 0
      objectReference: {fileID: 0}
    - target: {fileID: 1153324636269462460, guid: 6de3e110028f3a443902ddb940061b5e, type: 3}
      propertyPath: m_LocalEulerAnglesHint.y
      value: 0
      objectReference: {fileID: 0}
    - target: {fileID: 1153324636269462460, guid: 6de3e110028f3a443902ddb940061b5e, type: 3}
      propertyPath: m_LocalEulerAnglesHint.z
      value: 0
      objectReference: {fileID: 0}
    - target: {fileID: 1153324636269462461, guid: 6de3e110028f3a443902ddb940061b5e, type: 3}
      propertyPath: m_Name
      value: UILayerMenu
      objectReference: {fileID: 0}
    - target: {fileID: 5011100570378263397, guid: 6de3e110028f3a443902ddb940061b5e, type: 3}
      propertyPath: m_OnClick.m_PersistentCalls.m_Calls.Array.data[0].m_Target
      value: 
      objectReference: {fileID: 8606455730985768051}
    - target: {fileID: 5011100570977337440, guid: 6de3e110028f3a443902ddb940061b5e, type: 3}
      propertyPath: m_OnValueChanged.m_PersistentCalls.m_Calls.Array.data[0].m_Target
      value: 
      objectReference: {fileID: 8606455730985768051}
    - target: {fileID: 5011100570977337440, guid: 6de3e110028f3a443902ddb940061b5e, type: 3}
      propertyPath: m_OnValueChanged.m_PersistentCalls.m_Calls.Array.data[1].m_Target
      value: 
      objectReference: {fileID: 8606455730985768051}
    - target: {fileID: 5011100571421766130, guid: 6de3e110028f3a443902ddb940061b5e, type: 3}
      propertyPath: m_OnValueChanged.m_PersistentCalls.m_Calls.Array.data[0].m_Target
      value: 
      objectReference: {fileID: 8606455730985768051}
    - target: {fileID: 5011100571421766130, guid: 6de3e110028f3a443902ddb940061b5e, type: 3}
      propertyPath: m_OnValueChanged.m_PersistentCalls.m_Calls.Array.data[1].m_Target
      value: 
      objectReference: {fileID: 8606455730985768051}
    m_RemovedComponents: []
  m_SourcePrefab: {fileID: 100100000, guid: 6de3e110028f3a443902ddb940061b5e, type: 3}
--- !u!1 &8389479257924184841 stripped
GameObject:
  m_CorrespondingSourceObject: {fileID: 1153324636269462461, guid: 6de3e110028f3a443902ddb940061b5e, type: 3}
  m_PrefabInstance: {fileID: 7236163421121046708}
  m_PrefabAsset: {fileID: 0}
--- !u!224 &8389479257924184840 stripped
RectTransform:
  m_CorrespondingSourceObject: {fileID: 1153324636269462460, guid: 6de3e110028f3a443902ddb940061b5e, type: 3}
  m_PrefabInstance: {fileID: 7236163421121046708}
  m_PrefabAsset: {fileID: 0}
--- !u!114 &2442926965982651643 stripped
MonoBehaviour:
  m_CorrespondingSourceObject: {fileID: 5011100569704991823, guid: 6de3e110028f3a443902ddb940061b5e, type: 3}
  m_PrefabInstance: {fileID: 7236163421121046708}
  m_PrefabAsset: {fileID: 0}
  m_GameObject: {fileID: 0}
  m_Enabled: 1
  m_EditorHideFlags: 0
  m_Script: {fileID: 11500000, guid: 5f7201a12d95ffc409449d95f23cf332, type: 3}
  m_Name: 
  m_EditorClassIdentifier: 
--- !u!114 &2442926964743444806 stripped
MonoBehaviour:
  m_CorrespondingSourceObject: {fileID: 5011100571421766130, guid: 6de3e110028f3a443902ddb940061b5e, type: 3}
  m_PrefabInstance: {fileID: 7236163421121046708}
  m_PrefabAsset: {fileID: 0}
  m_GameObject: {fileID: 0}
  m_Enabled: 1
  m_EditorHideFlags: 0
  m_Script: {fileID: 11500000, guid: 67db9e8f0e2ae9c40bc1e2b64352a6b4, type: 3}
  m_Name: 
  m_EditorClassIdentifier: 
--- !u!114 &2442926964795901601 stripped
MonoBehaviour:
  m_CorrespondingSourceObject: {fileID: 5011100571340008981, guid: 6de3e110028f3a443902ddb940061b5e, type: 3}
  m_PrefabInstance: {fileID: 7236163421121046708}
  m_PrefabAsset: {fileID: 0}
  m_GameObject: {fileID: 0}
  m_Enabled: 1
  m_EditorHideFlags: 0
  m_Script: {fileID: 11500000, guid: 5f7201a12d95ffc409449d95f23cf332, type: 3}
  m_Name: 
  m_EditorClassIdentifier: 
--- !u!114 &2442926965221812436 stripped
MonoBehaviour:
  m_CorrespondingSourceObject: {fileID: 5011100570977337440, guid: 6de3e110028f3a443902ddb940061b5e, type: 3}
  m_PrefabInstance: {fileID: 7236163421121046708}
  m_PrefabAsset: {fileID: 0}
  m_GameObject: {fileID: 0}
  m_Enabled: 1
  m_EditorHideFlags: 0
  m_Script: {fileID: 11500000, guid: 67db9e8f0e2ae9c40bc1e2b64352a6b4, type: 3}
  m_Name: 
  m_EditorClassIdentifier: 
--- !u!1001 &8389479257876960981
PrefabInstance:
  m_ObjectHideFlags: 0
  serializedVersion: 2
  m_Modification:
    m_TransformParent: {fileID: 8389479258798265544}
    m_Modifications:
    - target: {fileID: 224387288863048358, guid: addbecec050ee2142a2c0b48d155e357, type: 3}
      propertyPath: menu
      value: 
      objectReference: {fileID: 8389479257924184841}
    - target: {fileID: 224387288863048358, guid: addbecec050ee2142a2c0b48d155e357, type: 3}
      propertyPath: SliderVolumeMisc
      value: 
      objectReference: {fileID: 2442926965221812436}
    - target: {fileID: 224387288863048358, guid: addbecec050ee2142a2c0b48d155e357, type: 3}
      propertyPath: SliderVolumeMusic
      value: 
      objectReference: {fileID: 2442926964743444806}
    - target: {fileID: 224387288863048358, guid: addbecec050ee2142a2c0b48d155e357, type: 3}
      propertyPath: LabelVolumeMiscValue
      value: 
      objectReference: {fileID: 2442926964795901601}
    - target: {fileID: 224387288863048358, guid: addbecec050ee2142a2c0b48d155e357, type: 3}
      propertyPath: LabelVolumeMusicValue
      value: 
      objectReference: {fileID: 2442926965982651643}
    - target: {fileID: 2500440369753937510, guid: addbecec050ee2142a2c0b48d155e357, type: 3}
      propertyPath: m_Name
      value: UIController
      objectReference: {fileID: 0}
    - target: {fileID: 6258590978464485775, guid: addbecec050ee2142a2c0b48d155e357, type: 3}
      propertyPath: m_Pivot.x
      value: 0.5
      objectReference: {fileID: 0}
    - target: {fileID: 6258590978464485775, guid: addbecec050ee2142a2c0b48d155e357, type: 3}
      propertyPath: m_Pivot.y
      value: 0.5
      objectReference: {fileID: 0}
    - target: {fileID: 6258590978464485775, guid: addbecec050ee2142a2c0b48d155e357, type: 3}
      propertyPath: m_RootOrder
      value: 1
      objectReference: {fileID: 0}
    - target: {fileID: 6258590978464485775, guid: addbecec050ee2142a2c0b48d155e357, type: 3}
      propertyPath: m_AnchorMax.x
      value: 0.5
      objectReference: {fileID: 0}
    - target: {fileID: 6258590978464485775, guid: addbecec050ee2142a2c0b48d155e357, type: 3}
      propertyPath: m_AnchorMax.y
      value: 0.5
      objectReference: {fileID: 0}
    - target: {fileID: 6258590978464485775, guid: addbecec050ee2142a2c0b48d155e357, type: 3}
      propertyPath: m_AnchorMin.x
      value: 0.5
      objectReference: {fileID: 0}
    - target: {fileID: 6258590978464485775, guid: addbecec050ee2142a2c0b48d155e357, type: 3}
      propertyPath: m_AnchorMin.y
      value: 0.5
      objectReference: {fileID: 0}
    - target: {fileID: 6258590978464485775, guid: addbecec050ee2142a2c0b48d155e357, type: 3}
      propertyPath: m_SizeDelta.x
      value: 100
      objectReference: {fileID: 0}
    - target: {fileID: 6258590978464485775, guid: addbecec050ee2142a2c0b48d155e357, type: 3}
      propertyPath: m_SizeDelta.y
      value: 100
      objectReference: {fileID: 0}
    - target: {fileID: 6258590978464485775, guid: addbecec050ee2142a2c0b48d155e357, type: 3}
      propertyPath: m_LocalPosition.x
      value: 0
      objectReference: {fileID: 0}
    - target: {fileID: 6258590978464485775, guid: addbecec050ee2142a2c0b48d155e357, type: 3}
      propertyPath: m_LocalPosition.y
      value: 0
      objectReference: {fileID: 0}
    - target: {fileID: 6258590978464485775, guid: addbecec050ee2142a2c0b48d155e357, type: 3}
      propertyPath: m_LocalPosition.z
      value: 130
      objectReference: {fileID: 0}
    - target: {fileID: 6258590978464485775, guid: addbecec050ee2142a2c0b48d155e357, type: 3}
      propertyPath: m_LocalRotation.w
      value: 1
      objectReference: {fileID: 0}
    - target: {fileID: 6258590978464485775, guid: addbecec050ee2142a2c0b48d155e357, type: 3}
      propertyPath: m_LocalRotation.x
      value: -0
      objectReference: {fileID: 0}
    - target: {fileID: 6258590978464485775, guid: addbecec050ee2142a2c0b48d155e357, type: 3}
      propertyPath: m_LocalRotation.y
      value: -0
      objectReference: {fileID: 0}
    - target: {fileID: 6258590978464485775, guid: addbecec050ee2142a2c0b48d155e357, type: 3}
      propertyPath: m_LocalRotation.z
      value: -0
      objectReference: {fileID: 0}
    - target: {fileID: 6258590978464485775, guid: addbecec050ee2142a2c0b48d155e357, type: 3}
      propertyPath: m_AnchoredPosition.x
      value: 0
      objectReference: {fileID: 0}
    - target: {fileID: 6258590978464485775, guid: addbecec050ee2142a2c0b48d155e357, type: 3}
      propertyPath: m_AnchoredPosition.y
      value: 0
      objectReference: {fileID: 0}
    - target: {fileID: 6258590978464485775, guid: addbecec050ee2142a2c0b48d155e357, type: 3}
      propertyPath: m_LocalEulerAnglesHint.x
      value: 0
      objectReference: {fileID: 0}
    - target: {fileID: 6258590978464485775, guid: addbecec050ee2142a2c0b48d155e357, type: 3}
      propertyPath: m_LocalEulerAnglesHint.y
      value: 0
      objectReference: {fileID: 0}
    - target: {fileID: 6258590978464485775, guid: addbecec050ee2142a2c0b48d155e357, type: 3}
      propertyPath: m_LocalEulerAnglesHint.z
      value: 0
      objectReference: {fileID: 0}
    m_RemovedComponents: []
  m_SourcePrefab: {fileID: 100100000, guid: addbecec050ee2142a2c0b48d155e357, type: 3}
--- !u!224 &2501628347848886106 stripped
RectTransform:
  m_CorrespondingSourceObject: {fileID: 6258590978464485775, guid: addbecec050ee2142a2c0b48d155e357, type: 3}
  m_PrefabInstance: {fileID: 8389479257876960981}
  m_PrefabAsset: {fileID: 0}
--- !u!114 &8606455730985768051 stripped
MonoBehaviour:
  m_CorrespondingSourceObject: {fileID: 224387288863048358, guid: addbecec050ee2142a2c0b48d155e357, type: 3}
  m_PrefabInstance: {fileID: 8389479257876960981}
  m_PrefabAsset: {fileID: 0}
  m_GameObject: {fileID: 0}
  m_Enabled: 1
  m_EditorHideFlags: 0
  m_Script: {fileID: 11500000, guid: 9b4d1c6cb1fe671458e183112da11a91, type: 3}
  m_Name: 
  m_EditorClassIdentifier: 
--- !u!1001 &8674759234290045974
PrefabInstance:
  m_ObjectHideFlags: 0
  serializedVersion: 2
  m_Modification:
    m_TransformParent: {fileID: 8389479258798265544}
    m_Modifications:
    - target: {fileID: 869060036725439764, guid: 66c87964cf311644bbb8bf9f71e0e189, type: 3}
      propertyPath: m_Pivot.x
      value: 0.5
      objectReference: {fileID: 0}
    - target: {fileID: 869060036725439764, guid: 66c87964cf311644bbb8bf9f71e0e189, type: 3}
      propertyPath: m_Pivot.y
      value: 0.5
      objectReference: {fileID: 0}
    - target: {fileID: 869060036725439764, guid: 66c87964cf311644bbb8bf9f71e0e189, type: 3}
      propertyPath: m_RootOrder
      value: 3
      objectReference: {fileID: 0}
    - target: {fileID: 869060036725439764, guid: 66c87964cf311644bbb8bf9f71e0e189, type: 3}
      propertyPath: m_AnchorMax.x
      value: 1
      objectReference: {fileID: 0}
    - target: {fileID: 869060036725439764, guid: 66c87964cf311644bbb8bf9f71e0e189, type: 3}
      propertyPath: m_AnchorMax.y
      value: 1
      objectReference: {fileID: 0}
    - target: {fileID: 869060036725439764, guid: 66c87964cf311644bbb8bf9f71e0e189, type: 3}
      propertyPath: m_AnchorMin.x
      value: 0
      objectReference: {fileID: 0}
    - target: {fileID: 869060036725439764, guid: 66c87964cf311644bbb8bf9f71e0e189, type: 3}
      propertyPath: m_AnchorMin.y
      value: 0
      objectReference: {fileID: 0}
    - target: {fileID: 869060036725439764, guid: 66c87964cf311644bbb8bf9f71e0e189, type: 3}
      propertyPath: m_SizeDelta.x
      value: 0
      objectReference: {fileID: 0}
    - target: {fileID: 869060036725439764, guid: 66c87964cf311644bbb8bf9f71e0e189, type: 3}
      propertyPath: m_SizeDelta.y
      value: 0
      objectReference: {fileID: 0}
    - target: {fileID: 869060036725439764, guid: 66c87964cf311644bbb8bf9f71e0e189, type: 3}
      propertyPath: m_LocalPosition.x
      value: 0
      objectReference: {fileID: 0}
    - target: {fileID: 869060036725439764, guid: 66c87964cf311644bbb8bf9f71e0e189, type: 3}
      propertyPath: m_LocalPosition.y
      value: 0
      objectReference: {fileID: 0}
    - target: {fileID: 869060036725439764, guid: 66c87964cf311644bbb8bf9f71e0e189, type: 3}
      propertyPath: m_LocalPosition.z
      value: 0
      objectReference: {fileID: 0}
    - target: {fileID: 869060036725439764, guid: 66c87964cf311644bbb8bf9f71e0e189, type: 3}
      propertyPath: m_LocalRotation.w
      value: 1
      objectReference: {fileID: 0}
    - target: {fileID: 869060036725439764, guid: 66c87964cf311644bbb8bf9f71e0e189, type: 3}
      propertyPath: m_LocalRotation.x
      value: 0
      objectReference: {fileID: 0}
    - target: {fileID: 869060036725439764, guid: 66c87964cf311644bbb8bf9f71e0e189, type: 3}
      propertyPath: m_LocalRotation.y
      value: 0
      objectReference: {fileID: 0}
    - target: {fileID: 869060036725439764, guid: 66c87964cf311644bbb8bf9f71e0e189, type: 3}
      propertyPath: m_LocalRotation.z
      value: 0
      objectReference: {fileID: 0}
    - target: {fileID: 869060036725439764, guid: 66c87964cf311644bbb8bf9f71e0e189, type: 3}
      propertyPath: m_AnchoredPosition.x
      value: 0
      objectReference: {fileID: 0}
    - target: {fileID: 869060036725439764, guid: 66c87964cf311644bbb8bf9f71e0e189, type: 3}
      propertyPath: m_AnchoredPosition.y
      value: 0
      objectReference: {fileID: 0}
    - target: {fileID: 869060036725439764, guid: 66c87964cf311644bbb8bf9f71e0e189, type: 3}
      propertyPath: m_LocalEulerAnglesHint.x
      value: 0
      objectReference: {fileID: 0}
    - target: {fileID: 869060036725439764, guid: 66c87964cf311644bbb8bf9f71e0e189, type: 3}
      propertyPath: m_LocalEulerAnglesHint.y
      value: 0
      objectReference: {fileID: 0}
    - target: {fileID: 869060036725439764, guid: 66c87964cf311644bbb8bf9f71e0e189, type: 3}
      propertyPath: m_LocalEulerAnglesHint.z
      value: 0
      objectReference: {fileID: 0}
    - target: {fileID: 869060036725439765, guid: 66c87964cf311644bbb8bf9f71e0e189, type: 3}
      propertyPath: m_Name
      value: UILayerScore
      objectReference: {fileID: 0}
    m_RemovedComponents: []
  m_SourcePrefab: {fileID: 100100000, guid: 66c87964cf311644bbb8bf9f71e0e189, type: 3}
--- !u!224 &8389479258650847490 stripped
RectTransform:
  m_CorrespondingSourceObject: {fileID: 869060036725439764, guid: 66c87964cf311644bbb8bf9f71e0e189, type: 3}
  m_PrefabInstance: {fileID: 8674759234290045974}
  m_PrefabAsset: {fileID: 0}
